%% This BibTeX bibliography file was created using BibDesk.
%% http://bibdesk.sourceforge.net/


%% Created for Seth Johnson at 2010-01-15 15:01:56 -0500 


%% Saved with string encoding Unicode (UTF-8) 



@article{Larson2008,
	Author = {Larsen, Edward W. and Wollaber, Allan B.},
	Date-Added = {2010-01-15 15:01:35 -0500},
	Date-Modified = {2010-01-15 15:01:35 -0500},
	Journal = {Nuclear Science and Engineering},
	Keywords = {SN},
	Number = {3},
	Pages = {267--283},
	Title = {A Quantitative Theory of Angular Truncation Errors in Three-Dimensional {$S_N$} Calculations},
	Volume = {160},
	Year = {2008}}

@techreport{Car1953,
	Author = {Carlson, Bengt G.},
	Date-Added = {2010-01-15 14:53:00 -0500},
	Date-Modified = {2010-01-15 14:53:00 -0500},
	Institution = {Los Alamos Scientific Laboratory},
	Number = {LA-1599},
	Title = {Solution of the Transport Equation by {S$_n$} Approximations},
	Year = {1953}}

@book{Kno2000,
	Author = {Knoll, Glenn F.},
	Date-Added = {2010-01-15 14:52:06 -0500},
	Date-Modified = {2010-01-15 14:52:06 -0500},
	Edition = {3rd},
	Publisher = {John Wiley \& Sons, Inc.},
	Title = {Radiation Detection and Measurement},
	Year = {2000}}

@article{Pul2010,
	Author = {Pullum, Geoffrey K.},
	Journal = {English Today},
	Number = {2},
	Pages = {34--44},
	Title = {The Land of the Free and \emph{The Elements of Style}},
	Volume = {26},
	Year = {2010}}

@book{Str2000,
	Author = {Strunk, W. and White, E.B.},
	Edition = {4},
	Publisher = {New York: Allyn and Bacon},
	Title = {The Elements of Style},
	Year = {2000}}
	
@article{tetmesh,
	Author = {Hui Lin and Kristofer Zieb and Yiming Gao and Wei Ji and Peter Caracappa and X. George Xu},
	Institution = {Rensselaer Polytechnic Institute},
	Number = {Joint International Conference on M\&C, SNA, and the MC Method},
	Title = {Development of a whole-body tetrahedral mesh human phantom for radiation dose calculations using new MCNP6.1 geometrical features},
	Year = {2015}}
@article{dagmc,
	Author = {Timothy J. Tautges and Paul P.H. Wilson, and Jason A. Kraftcheck and Brandon M. Smith and Douglass L. Henderson},
	Institution = {Argonne National Laboratory, University of Wisconsin-Madison},
	Number = {International Conference on Mathematics, Computational Methods and Reactor Physics},
	Title = {Acceleration Techniques for Direct Use of CAD-Based Geometries in Monte Carlo Radiation Transport},
	Year = {2009}}

@article{moab,
	Author = {Timothy J. Tautges and R. Meyers and K. Merkley and C. Stimpson and C. Ernst},
	Institution = {Sandia national Laboratories},
	Title = {MOAB: A Mesh-Oriented Database},
	Year = {2004}}

@article{obj,
	Author = {OBJ},
	Title = {https://en.wikipedia.org/wiki/Wavefront\_.obj\_file}}

@article{genhi,
	Author = {Generate\_hierarchy},
	Date-Added = {},
	Date-Modified = {},
	Journal = {},
	Keywords = {},
	Number = {},
	Pages = {},
	Title = {https://bitbucket.org/cadangelo/moab}}
